@misc{w3c:briefhistory,
	title = {A brief history of CSS until 2016},
	url = {https://www.w3.org/Style/CSS20/history.html},
    author = {World Wide Web Consortium},
    year = {2016},
	urldate = {2020-08-11},
}
@online{w3c:wcag,
	title = {Web Content Accessibility Guidelines (WCAG) 2.1},
	url = {https://www.w3.org/TR/WCAG21/},
	urldate = {2021-08-11},
	year = {2018},
	author = {World Wide Web Consortium},
}
@online{w3c:values,
	title = {CSS Values and Units Module Level 3},
	url = {https://www.w3.org/TR/css-values-3/},
	urldate = {2020-08-11},
	year = {2019},
	author = {World Wide Web Consortium},
}

@online{w3c:iop,
	title = {Index of CSS properties},
	url = {https://www.w3.org/Style/CSS/all-properties.en.html},
	urldate = {2020-08-11},
	year = {2018},
	author = {World Wide Web Consortium},
}
@online{jom:css,
	title = {CSS Properties Index},
	url = {https://meiert.com/en/indices/css-properties/},
	urldate = {2020-08-11},
	year = {2019},
	author = {Jen Oliver Meiert},
}
@online{tb:ml,
	title = {Molten leading (or, fluid line-height)},
	url = {https://tbrown.org/notes/2012/02/03/molten-leading-or-fluid-line-height/},
	urldate = {2020-08-11},
	year = {2012},
	author = {Tim Brown},
}

@online{tb:cl,
	title = {Flexible typography with CSS locks},
	url = {https://blog.typekit.com/2016/08/17/flexible-typography-with-css-locks/},
	urldate = {2020-08-11},
	year = {2016},
	author = {Tim Brown},
}

@online{lhg:mtl,
	title = {Making Text Legible: Designing for People with Partial Sight},
	url = {https://lighthouseguild.org/},
	author = {Lighthouse Guild},
	year = {2018},
}

@online{npm:http,
  author = {Jade Michael Thornton},
  title = {http-server: A Command-line HTTP Server},
  url = {https://www.npmjs.com/package/http-server},
  year = {2020},
}
@online{mb:pt,
  author = {Matthew Butterick},
  title = {Butterick's Practical Typography (2nd ed.)},
  url = {https://practicaltypography.com/},
  year = {2020},
}
@online{em:rc,
  author = {Eric Meyer},
  title = {CSS Tools: Reset CSS},
  url = {https://meyerweb.com/eric/tools/css/reset/},
  year = {2011},
}
@online{kas:fwd,
  author = {Karl Stolley},
  title = {Fundamentals of Web Development},
  url = {https://courses.stolley.co/fwd/},
  year = {2020},
}
@online{basehold,
  author = {Dan Eden and Michael Wright},
  title = {Basehold.it},
  url = {https://basehold.it/},
  year = {2020},
}
@online {modscale,
  author = {Scott Kellum and Tim Brown},
  title = {Modular Scale},
  url = {https://www.modularscale.com},
  year = {2017},
}
@Book{mb:grid,
  author    = "Josef Müller-Brockmann",
  title     = "Grid Systems in Graphic Design (12th ed.)",
  publisher = "Niggli/Braun Publishing AG",
  year      = "2017",
}
@Book{jsm:owt,
  author    = "Jason Santa Maria",
  title     = "On Web Typography",
  publisher = "A Book Apart",
  year      = "2014",
}
@Book{rb:style,
  author    = "Robert Bringhurst",
  title     = "The Elements of Typographic Style (4th ed.)",
  publisher = "Hartley \& Marks",
  year      = "2012",
}
@Book{el:type,
  author    = "Ellen Lupton",
  title     = "Thinking with Type (2nd ed.)",
  publisher = "Princeton Architectural Press",
  year      = "2010",
}